@misc{Klee,
title = {{KLEE}},
note = {on-line at: \url{https://klee.github.io/}},
    author = {Pod licencom NCSA otvorenog kooda Univerziteta Ilinois}
}

@misc{clang,
title = {{CLANG}},
note = {on-line at: \url{https://clang.llvm.org/get_started.html}},
    author = {Free Software Foundation}
}
